@book{krane,
	Author = {Kenneth Krane},
	Date-Added = {2019-03-17 12:10:48 -0400},
	Date-Modified = {2019-03-17 12:15:39 -0400},
	Edition = {3},
	Publisher = {John Wiley & Sons},
	Title = {Modern Physics},
	Year = {2012}}
